<?xml version="1.0" encoding="UTF-8"?>
<collection xmlns:xsi="http://www.w3.org/2001/XMLSchema-instance" xsi:schemaLocation="http://www.loc.gov/MARC21/slim http://www.loc.gov/standards/marcxml/schema/MARC21slim.xsd" xmlns="http://www.loc.gov/MARC21/slim">
<record>
  <leader>01011mam a2200277 a 4500</leader>
  <controlfield tag="001">3354008</controlfield>
  <controlfield tag="003">NNC</controlfield>
  <controlfield tag="005">20110714131611.0</controlfield>
  <controlfield tag="008">900925m19051913iq            000 0 ara d</controlfield>
  <datafield tag="035" ind1=" " ind2=" ">
    <subfield code="a">(OCoLC)ocm44760543</subfield>
  </datafield>
  <datafield tag="035" ind1=" " ind2=" ">
    <subfield code="9">AVB1490CU</subfield>
  </datafield>
  <datafield tag="035" ind1=" " ind2=" ">
    <subfield code="a">(NNC)3354008</subfield>
  </datafield>
  <datafield tag="040" ind1=" " ind2=" ">
    <subfield code="a">HLS</subfield>
    <subfield code="c">HLS</subfield>
  </datafield>
  <datafield tag="043" ind1=" " ind2=" ">
    <subfield code="a">aw-----</subfield>
  </datafield>
  <datafield tag="050" ind1="1" ind2="4">
    <subfield code="a">BX103</subfield>
    <subfield code="b">.N37 1905</subfield>
  </datafield>
  <datafield tag="100" ind1="1" ind2=" ">
    <subfield code="a">Naṣrī, Buṭrus.</subfield>
  </datafield>
  <datafield tag="240" ind1="1" ind2="0">
    <subfield code="a">Dhakhīrat al-adhʹhān fī tawārīkh al-Mashāriqah wa-al- Maghāribah al-Suryān</subfield>
  </datafield>
  <datafield tag="245" ind1="1" ind2="0">
    <subfield code="a">Kitāb Dhakhīrat al-adhʹhān fī tawārīkh al-Mashāriqah wa-al- Maghāribah al-Suryān /</subfield>
    <subfield code="c">allafahu Buṭrus Naṣrī.</subfield>
  </datafield>
  <datafield tag="246" ind1="1" ind2="5">
    <subfield code="a">Histoire des église chaldénne et syrienne</subfield>
  </datafield>
  <datafield tag="260" ind1=" " ind2=" ">
    <subfield code="a">al-Mawṣil :</subfield>
    <subfield code="b">Dayr al-Ābāʾ al-Dūminikīyīn,</subfield>
    <subfield code="c">1905-1913.</subfield>
  </datafield>
  <datafield tag="300" ind1=" " ind2=" ">
    <subfield code="a">2 v. ;</subfield>
    <subfield code="c">20 cm.</subfield>
  </datafield>
  <datafield tag="650" ind1=" " ind2="0">
    <subfield code="a">Syriac Christians</subfield>
    <subfield code="z">Middle East</subfield>
    <subfield code="x">History.</subfield>
  </datafield>
  <datafield tag="650" ind1=" " ind2="0">
    <subfield code="a">Syrian churches</subfield>
    <subfield code="z">Middle East</subfield>
    <subfield code="x">History.</subfield>
  </datafield>
  <datafield tag="610" ind1="2" ind2="0">
    <subfield code="a">Church of the East</subfield>
    <subfield code="z">Middle East</subfield>
    <subfield code="x">History.</subfield>
  </datafield>
  <datafield tag="752" ind1=" " ind2=" ">
    <subfield code="a">Iraq</subfield>
    <subfield code="d">Mosul.</subfield>
  </datafield>
  <datafield tag="955" ind1=" " ind2=" ">
    <subfield code="b">CU17084016</subfield>
    <subfield code="d">off,glx</subfield>
    <subfield code="e">935.3 N186</subfield>
  </datafield>
</record>
</collection>